@article{song2007,
  author={C. Song and L. K. Gallos and S. Havlin and H. A. Makse},
  title={How to calculate the fractal dimension of a complex network: the box covering algorithm},
  journal={Journal of Statistical Mechanics: Theory and Experiment},
  volume={2007},
  number={03},
  pages={P03006},
  url={http://stacks.iop.org/1742-5468/2007/i=03/a=P03006},
  year={2007},
}

@article{zhang2014,
  author={H. Zhang and Y. Hu and X. Lan and S. Mahadevan and Y. Deng},
  title={Fuzzy fractal dimension of complex networks},
  journal={Applied Soft Computing},
  volume={25},
  pages={514–518},
  year={2014},
}


@book{feder1988,
  title = {Fractals},
  author = {J. Feder},
  year = {1988},
  publisher = {Springer US},
}

@book{garey1979,
  title = {Computers and Intractability: A Guide to the Theory of NP-Completeness},
  author = {M. Garey and D. Johnson},
  year = {1979},
  publisher = {Freeman},
}

@book{kittel2004,
  title = {Introduction to Solid State Physics},
  author = {C. Kittel},
  year = {2004},
  publisher = {John Wiley \& Sons},
}

@article{christofides1971,
author = {N. Christofides},
title = {An algorithm for the chromatic number of a graph},
journal = {The Computer Journal},
volume = {14},
pages = {38-39},
year = {1971},
}

@article{anh2011,
author = {D. Wang and Z. Yu and V. Anh},
title = {Self-similarity in Weighted PPI Networks},
journal = {International Conference on Bioscience, Biochemistry and Bioinformatics},
volume = {5},
pages = {193-197},
year = {2011},
}

@article{na2013,
author = {C. H. Na and D. R. Jones and Y. Yang and X Wang and Y. Xu and J. Peng},
title = {Synaptic Protein Ubiquitination in Rat Brain Revealed by Antibody-based Ubiquitome Analysis},
journal = {Journal of Proteome Research},
volume = {11},
number = {9},
pages = {4722-4732},
year = {2012},
doi = {10.1021/pr300536k},
    note ={PMID: 22871113},
URL = { 
        https://doi.org/10.1021/pr300536k
},
eprint = { 
        https://doi.org/10.1021/pr300536k
}
}

@article{biogrid2017,
  author    = {A. Chatr{-}aryamontri and R. Oughtred and L. Boucher and J. M. Rust and C. S. Chang and N. Kolas and L. O'Donnell and S. Oster and C. L. Theesfeld and Adnane Sellam and C. Stark and B. Breitkreutz and K. Dolinski and M. Tyers},
  title     = {The BioGRID interaction database: 2017 update},
  journal   = {Nucleic Acids Research},
  volume    = {45},
  number    = {Database-Issue},
  pages     = {D369--D379},
  year      = {2017},
  url       = {https://doi.org/10.1093/nar/gkw1102},
  doi       = {10.1093/nar/gkw1102},
  timestamp = {Sun, 28 May 2017 01:00:00 +0200},
  biburl    = {https://dblp.org/rec/bib/journals/nar/Chatr-aryamontri17},
  bibsource = {dblp computer science bibliography, https://dblp.org}
}

@article{yates2009,
author = {J. R. Yates and C. I. Ruse and A. Nakorchevsky},
title = {Proteomics by Mass Spectrometry: Approaches, Advances, and Applications},
journal = {Annual Review of Biomedical Engineering},
volume = {11},
pages = {49-79},
year = {2009},
}

@article{phiz1995,
author = {E. M. Phizicky and S. Fields},
title = {Protein-protein interactions: methods for detection and analysis},
journal = {Microbiological Reviews},
volume = {59},
pages = {94-123},
year = {1995},
}

@article{oti2006,
author = {M. Oti and B. Snel and M. A. Huynen and H.G. Brunner},
title = {Predicting disease genes using protein-protein interactions},
journal = {Journal of medical genetics},
volume = {43},
pages = {691-698},
year = {2006},
}

@article{srinivasa2014,
author = {V. S. Rao and K. Srinivas and G.N. Sujini and G. N. Sunand Kumar},
title = {Protein-Protein Interaction Detection: Methods and Analysis},
journal = {International Journal of Proteomics},
volume = {2014},
pages = {147648},
year = {2014},
}

@article{shafiee2018,
author = {G. Shafiee and Y. Asgari and A. Soltani and B. Larijani and R. Heshmat},
title = {Identification of candidate genes and proteins in aging skeletal muscle (sarcopenia) using gene expression and structural analysis},
journal = {PeerJ},
volume = {6},
pages = {e5239},
year = {2018},
}

@article{laraia2015,
author = {L. Laraia and G. McKenzie and D. R. Spring and A. R. Venkitaraman and D. J. Huggins},
title = {Overcoming Chemical, Biological, and Computational Challenges in the Development of Inhibitors Targeting Protein-Protein Interactions},
journal = {Chemistry \& Biology},
volume = {22},
pages = {689–703},
year = {2015},
}

@article{ivanov2013,
author = {A. A. Ivanov and F. R. Khuri and H. Fu},
title = {Targeting protein-protein interactions as an anticancer strategy},
journal = {Trends in Pharmacological Sciences},
volume = {34},
pages = {393–400},
year = {2013},
}

@article{fields1989,
author = {S. Fields and O. Song},
title = {A novel genetic system to detect protein-protein interactions},
journal = {Nature},
volume = {340},
pages = {245-246},
year = {1989},
}

@online{embl_networkanalysis,
author = {EMBL-EBI},
title  = {Network analysis in biology (\url{https://www.ebi.ac.uk/training/online/course/network-analysis-protein-interaction-data-introduction/network-analysis-biology-0})},
year   = {2018},
url    = {https://www.ebi.ac.uk/training/online/course/network-analysis-protein-interaction-data-introduction/network-analysis-biology-0}
}

@article{pedamallu2014,
author = {C.S. Pedamallu and L. Ozdamar},
title = {A Review on Protein-Protein Interaction Network Databases},
journal = {Springer Proceedings in Mathematics \& Statistics},
volume = {73},
pages = {511-519},
year = {2014},
}

@article{song2004,
author = {C. Song and S. Havlin and H. A. Makse},
title = {Self-similarity of complex networks},
journal = {Nature},
volume = {433},
pages = {392-395},
year = {2005},
}

@article{concas2006,
author = {G. Concas and M.F. Locci and M. Marchesi and S. Pinna and I. Turnu},
title = {Fractal dimension in software networks},
journal = {Europhysics Letters},
volume = {76},
pages = {1221-1227},
year = {2006},
}

@article{wei2013,
author = {D. Wei and Q. Liu and H. Zhang and Y. Hu and Y. Deng and S. Mahadevan},
title = {Box-covering algorithm for fractal dimension of weighted networks},
journal = {Scientific Reports},
volume = {3},
pages = {3049},
year = {2013},
}

@article{jin2013,
author = {Y. Jin and D. Turaev and T. Weinmaier and T. Rattei and H. A. Makse},
title = {The Evolutionary Dynamics of Protein-Protein Interaction Networks Inferred from the Reconstruction of Ancient Networks},
journal = {PLOS one},
volume = {8},
pages = {e58134},
year = {2013},
}

@article{grolmusz2015,
title = "A note on the PageRank of undirected graphs",
journal = "Information Processing Letters",
volume = "115",
number = "6",
pages = "633 - 634",
year = "2015",
issn = "0020-0190",
doi = "https://doi.org/10.1016/j.ipl.2015.02.015",
url = "http://www.sciencedirect.com/science/article/pii/S0020019015000381",
author = "V. Grolmusz",}

% 11872750 
@Article{price2002,
   Author="A. C. Marinovic and B. Zheng and W. E. Mitch and S. R. Price",
   Title="{{U}biquitin ({U}b{C}) expression in muscle cells is increased by glucocorticoids through a mechanism involving {S}p1 and {M}{E}{K}1}",
   Journal="Journal of Biological Chemistry",
   Year="2002",
   Volume="277",
   Number="19",
   Pages="16673--16681",
}

% 17392790 
@Article{jung2007,
   Author="M. U. Gack and Y. C. Shin  and C. H. Joo and T. Urano and C. Liang and L. Sun and O. Takeuchi and S. Akira and Z. Chen and S. Inoue and J. U. Jung",
   Title="{{T}{R}{I}{M}25 {R}{I}{N}{G}-finger {E}3 ubiquitin ligase is essential for {R}{I}{G}-{I}-mediated antiviral activity}",
   Journal="Nature",
   Year="2007",
   Volume="446",
   Number="7138",
   Pages="916--920",
   Month="Apr"
}

% 21816277 
@Article{ginty2011,
   Author="A. W. Harrington and S. t. Hillaire and L.S. Zweifel and N. O. Glebova and P. Philippidou and S. Halegoua and D. D. Ginty",
   Title="{{R}ecruitment of actin modifiers to {T}rk{A} endosomes governs retrograde {N}{G}{F} signaling and survival}",
   Journal="Cell",
   Year="2011",
   Volume="146",
   Number="3",
   Pages="421--434",
   Month="Aug"
}

@article{zhu2005structural,
  title={Structural comparison of metabolic networks in selected single cell organisms},
  author={D. Zhu and Z. S. Qin},
  journal={BMC bioinformatics},
  volume={6},
  number={1},
  pages={8},
  year={2005},
  publisher={BioMed Central}
}

@article{bergmann2003similarities,
  title={Similarities and differences in genome-wide expression data of six organisms},
  author={S. Bergmann and J. Ihmels and N. Barkai},
  journal={PLoS biology},
  volume={2},
  number={1},
  pages={e9},
  year={2003},
  publisher={Public Library of Science}
}

@article{wuchty2006stable,
  title={Stable evolutionary signal in a yeast protein interaction network},
  author={S. Wuchty and A. Barab{\'a}si and M. T. Ferdig},
  journal={BMC evolutionary biology},
  volume={6},
  number={1},
  pages={8},
  year={2006},
  publisher={BioMed Central}
}

@article{kramer2012,
  title={Small molecule kinase inhibitors for LRRK2 and their application to Parkinson's disease models},
  author={Kramer, Thomas and Lo Monte, Fabio and Göring, Stefan and Okala Amombo, Ghislaine Marlyse and Schmidt, Boris},
  journal={ACS chemical neuroscience},
  volume={3},
  number={3},
  pages={151--160},
  year={2012},
  publisher={ACS Publications}
}

@article{liu2011,
  title={Prioritizing cancer-related genes with aberrant methylation based on a weighted protein-protein interaction network},
  author={Liu, Hui and Su, Jianzhong and Li, Junhua and Liu, Hongbo and Lv, Jie and Li, Boyan and Qiao, Hong and Zhang, Yan},
  journal={BMC systems biology},
  volume={5},
  number={1},
  pages={158},
  year={2011},
  publisher={BioMed Central}
}
